@inproceedings{sowbhagya2022user,
  title={User profiling for web personalization},
  author={Sowbhagya, MP and Yogish, HK and Raju, GT},
  booktitle={2022 IEEE International Conference on Data Science and Information System (ICDSIS)},
  pages={1--5},
  year={2022},
  organization={IEEE}
}

@article{ad-wood-2003,
  author    = {Christopher Anderson and Sophia Drossopoulou},
  title     = {{BabyJ}: from Object Based to Class Based Programming via Types},
  journal   = {{WOOD}},
  volume    = {82},
  number    = {7},
  pages     = {53--81},
  year      = {2003}
}

@softwareversion{gf-tag-sound-repo,
  title={tag-sound},
  author={Ben Greenman and Matthias Felleisen},
  swhid={swh:1:dir:cd0b0abeee707e57cd699e2e2ebd075da8ebf1f7;origin=https://github.com/nuprl/tag-sound;visit=swh:1:snp:7967bc0abee8bf3bfffb9252207a07b73538525a;anchor=swh:1:rev:4cc09ca228947a99c8f4ac45eefb76e96ee96e53},
  repository={https://github.com/nuprl/tag-sound},
  version={4cc09ca},
  date={2020}
}

@article{kelly2013method,
  title={A method for identifying personalized representations in web archives},
  author={Kelly, Mat and Brunelle, Justin F and Weigle, Michele C and Nelson, Michael L},
  journal={D-Lib Magazine},
  volume={19},
  number={11-12},
  year={2013}
}

@inproceedings{carrascosa2015always,
  title={I always feel like somebody's watching me: measuring online behavioural advertising},
  author={Carrascosa, Juan Miguel and Mikians, Jakub and Cuevas, Ruben and Erramilli, Vijay and Laoutaris, Nikolaos},
  booktitle={Proceedings of the 11th ACM Conference on Emerging Networking Experiments and Technologies},
  pages={1--13},
  year={2015}
}

@article{de2015towards,
  title={Towards an automatic user profiling system for online information sites: identifying demographic determining factors},
  author={De Andr{\'e}s, Javier and Pariente, Beatriz and Gonzalez-Rodriguez, Martin and Fernandez Lanvin, Daniel},
  journal={Online Information Review},
  volume={39},
  number={1},
  pages={61--80},
  year={2015},
  publisher={Emerald Group Publishing Limited}
}

@article{hidri2024learning,
  title={Learning-Based Models for Building User Profiles for Personalized Information Access},
  author={Hidri, Minyar Sassi},
  journal={Interdisciplinary Journal of Information, Knowledge, and Management},
  volume={19},
  pages={010},
  year={2024}
}